@Manual{rticles,
    title = {rticles: Article Formats for R Markdown},
    author = {JJ Allaire and Yihui Xie and Christophe Dervieux and {R Foundation} and Hadley Wickham and {Journal of Statistical Software} and Ramnath  Vaidyanathan and {Association for Computing Machinery} and Carl Boettiger and {Elsevier} and Karl Broman and Kirill Mueller and Bastiaan Quast and Randall  Pruim and Ben Marwick and Charlotte Wickham and Oliver Keyes and Miao Yu and Daniel Emaasit and Thierry Onkelinx and Alessandro Gasparini and Marc-Andre Desautels and Dominik Leutnant and {MDPI} and {Taylor and Francis} and Oğuzhan Öğreden and Dalton Hance and Daniel Nüst and Petter Uvesten and Elio Campitelli and John Muschelli and Alex Hayes and Zhian N. Kamvar and Noam Ross and Robrecht Cannoodt and Duncan Luguern and David M. Kaplan and Sebastian Kreutzer and Shixiang Wang and Jay Hesselberth and Rob Hyndman},
    year = {2022},
    note = {R package version 0.23},
    url = {https://CRAN.R-project.org/package=rticles},
}
 
 @Article{lme4,
    title = {Fitting Linear Mixed-Effects Models Using {lme4}},
    author = {Douglas Bates and Martin M{\"a}chler and Ben Bolker and
      Steve Walker},
    journal = {Journal of Statistical Software},
    year = {2015},
    volume = {67},
    number = {1},
    pages = {1--48},
    doi = {10.18637/jss.v067.i01},
  }
  
 @inbook{bailey2020,
   author = {Bailey, Michael and Johnston, Drew and Kuchler, Theresa and Russel, Dominic and State, Bogdan and Stroebel, Johannes},
   title = {The Determinants of Social Connectedness in Europe},
   booktitle = {Lecture Notes in Computer Science},
   publisher = {Springer International Publishing},
   pages = {1-14},
   ISBN = {0302-9743},
   DOI = {10.1007/978-3-030-60975-7_1},
   year = {2020},
   type = {Book Section}
}

@article{sci,
   author = {Bailey, R. Cao, T. Kuchler, J. Stroebel, and A. Wong.},
   title = {Social connectedness: Measurements, determinants, and effects.},
   journal = {Journal of Economic Perspectives},
   volume = {32},
   number = {3},
   pages = {259–80},
   url = {https://dataforgood.facebook.com/},
   year = {2018},
   type = {Journal Article}
}

 @Manual{matrixStats,
    title = {matrixStats: Functions that Apply to Rows and Columns of Matrices (and to
Vectors)},
    author = {Henrik Bengtsson},
    year = {2021},
    note = {R package version 0.61.0},
    url = {https://CRAN.R-project.org/package=matrixStats},
  }

@article{bettencourt2007,
   author = {Bettencourt, L. M. and Lobo, J. and Helbing, D. and Kuhnert, C. and West, G. B.},
   title = {Growth, innovation, scaling, and the pace of life in cities},
   journal = {Proceedings of the National Academy of Sciences of the United States of America},
   volume = {104},
   number = {17},
   pages = {7301-6},
   ISSN = {0027-8424},
   year = {2007},
   type = {Journal Article}
}

@misc{gadm,
   author = {Database of Global Administrative Areas},
   year = {2022},
   title = {GADM maps and data},
   number = {16/11/2022},
   url = {https://gadm.org/},
   year = {2022},
   type = {Web Page}
}

@misc{enos2017,
   author = {Enos, Ryan D.},
   title = {The Space Between Us},
   publisher = {Cambridge University Press},
   ISBN = {9781108354943 1108354947},
   url = {http://public.ebookcentral.proquest.com/choice/publicfullrecord.aspx?p=5212975},
   year = {2017},
   type = {Electronic Book}
}

@misc{eurostat,
   author={eurostat},
   title = {Population change - Demographic balance and crude rates at regional level (NUTS 3)},
   publisher = {eurostat},
   year = {2021},
   type = {Dataset}
}

 @Manual{creditmodel,
    title = {creditmodel: Toolkit for Credit Modeling, Analysis and Visualization},
    author = {Dongping Fan},
    year = {2022},
    note = {R package version 1.3.1},
    url = {https://CRAN.R-project.org/package=creditmodel},
 }

@misc{bes,
   author = {Fieldhouse, E., J. Green, G. Evans, J. Mellon & C. Prosser, J. Bailey, R. de Geus, H. Schmitt and C. van der Eijk},
   title = {British Election Study Internet Panel Waves 1-21},
   year = {2021},
   type = {Dataset}
}

@book{gelmanhill2007,
   author = {Gelman, Andrew and Hill, Jennifer and Hill, Jennifer},
   title = {Data analysis using regression and multilevel/hierarchical models},
   publisher = {Cambridge University Press},
   address = {Cambridge ;},
   series = {Analytical methods for social research},
   ISBN = {9780521867061 0521867061 9780521686891 052168689X},
   url = {http://catdir.loc.gov/catdir/enhancements/fy0668/2006040566-t.html
http://bvbr.bib-bvb.de:8991/F?func=service&doc_library=BVB01&doc_number=015428351&line_number=0001&func_code=DB_RECORDS&service_type=MEDIA
http://bvbr.bib-bvb.de:8991/F?func=service&doc_library=BVB01&local_base=BVB01&doc_number=015428351&line_number=0001&func_code=DB_RECORDS&service_type=MEDIA
http://www.gbv.de/dms/ilmenau/toc/527420107.PDF
http://catdir.loc.gov/catdir/enhancements/fy0733/2006040566-b.html
http://catdir.loc.gov/catdir/enhancements/fy0668/2006040566-d.html},
   year = {2007},
   type = {Book}
}



@article{goodwin2017,
   author = {Goodwin, Matthew and Milazzo, Caitlin},
   title = {Taking back control? Investigating the role of immigration in the 2016 vote for Brexit},
   journal = {The British Journal of Politics and International Relations},
   volume = {19},
   number = {3},
   pages = {450-464},
   note = {OA status: green_accepted},
   ISSN = {1369-1481},
   DOI = {10.1177/1369148117710799},
   url = {http://eprints.nottingham.ac.uk/42452/1/Taking%20Back%20Control%20FINAL%20SUBMISSION%2028%20April%202017.pdf},
   year = {2017},
   type = {Journal Article}
}

@misc{results,
   author = {Greater London Authority},
   title = {EU Referendum Results},
   url = {https://data.gov.uk/dataset/be2f2aec-11d8-4bfe-9800-649e5b8ec044/eu-referendum-results},
   year = {2018},
   type = {Dataset}
}

@misc{stargazer,
   author = {Hlavac, Marek},
   title = {stargazer: Well-Formatted Regression and Summary Statistics Tables. R package version 5.2.3},
   url = {https://CRAN.R-project.org/package=stargazer },
   type = {Computer Program}
}

@article{huckfeldt1987,
	title={Networks in Context: The Social Flow of Political Information},
	volume={81}, DOI={10.2307/1962585},
	number={4},
	journal={American Political Science Review},
	publisher={Cambridge University Press},
	author={Huckfeldt, Robert and Sprague, John},
	year={1987}, pages={1197–1216}
}
	
@misc{labelled,
   author = {Larmarange, Joseph and Ludecke, Daniel and Wickham, Hadley and Bojanowski, Michal and Briatte, Francois},
   title = {labelled},
   url = {https://larmarange.github.io/labelled/},
   type = {Computer Program}
}
	
@article{lee2017,
   author = {Lee, Francis L. F. and Lee, Paul S. N. and So, Clement Yk and Leung, Louis and Chan, Michael Cheming},
   title = {Conditional impact of facebook as an information source on political opinions: the case of political reform in Hong Kong},
   journal = {Asian Journal of Political Science},
   volume = {25},
   number = {3},
   pages = {365-382},
   ISSN = {0218-5377},
   DOI = {10.1080/02185377.2017.1352523},
   year = {2017},
   type = {Journal Article}
}

@article{mccann2021,
   author = {Mccann, Philip and Ortega-Argilés, Raquel},
   title = {The UK ‘geography of discontent’: narratives, Brexit and inter-regional ‘levelling up’},
   journal = {Cambridge Journal of Regions, Economy and Society},
   volume = {14},
   number = {3},
   pages = {545-564},
   ISSN = {1752-1378},
   DOI = {10.1093/cjres/rsab017},
   year = {2021},
   type = {Journal Article}
}

@article{nurmuhammad2016,
   author = {Nurmuhammad, Rizwangul and Horst, Heather A. and Papoutsaki, Evangelia and Dodson, Giles},
   title = {Uyghur transnational identity on Facebook: on the development of a young diaspora},
   journal = {Identities},
   volume = {23},
   number = {4},
   pages = {485-499},
   ISSN = {1070-289X},
   DOI = {10.1080/1070289x.2015.1024126},
   year = {2016},
   type = {Journal Article}
}

@misc{belfast_telegraph,
   author = {Peake, Gordon},
   title = {Hard-working, respectful and warm... we could learn from our Timorese guests},
   month = {23/06/2014},
   url = {https://www.belfasttelegraph.co.uk/opinion/columnists/hard-working-respectful-and-warm-we-could-learn-from-our-timorese-guests-30377313.html},
   year = {2014},
   type = {Newspaper Article}
}

@Article{sf,
  author = {Edzer Pebesma},
  title = {{Simple Features for R: Standardized Support for Spatial Vector Data}},
  year = {2018},
  journal = {{The R Journal}},
  doi = {10.32614/RJ-2018-009},
  url = {https://doi.org/10.32614/RJ-2018-009},
  pages = {439--446},
  volume = {10},
  number = {1},
}

 @Manual{ggforce,    title = {ggforce: Accelerating 'ggplot2'},    author = {Thomas Lin Pedersen},    year = {2021},    note = {R package version 0.3.3},    url = {https://CRAN.R-project.org/package=ggforce},  }

 @Manual{R,
    title = {R: A Language and Environment for Statistical Computing},
    author = {{R Core Team}},
    organization = {R Foundation for Statistical Computing},
    address = {Vienna, Austria},
    year = {2021},
    url = {https://www.R-project.org/},
  }
  
@misc{ons_migration,
   author = {Stickney, Chris},
   title = {Local area migration indicators, UK},
   url = {https://www.ons.gov.uk/peoplepopulationandcommunity/populationandmigration/migrationwithintheuk/datasets/localareamigrationindicatorsunitedkingdom},
   year = {2021},
   type = {Dataset}
}

@misc{ons_cob,
   author = {Stickney, Chris},
   title = {Population of the UK by country of birth and nationality},
   url = {https://www.ons.gov.uk/peoplepopulationandcommunity/populationandmigration/internationalmigration/datasets/populationoftheunitedkingdombycountryofbirthandnationality},
   year = {2021},
   type = {Dataset}
}

@misc{ggbiplot,
   author = {Vu, Vince and Marwick, Ben and Hester, Jim and Held, Max},
   title = {ggbiplot},
   url = {https://github.com/vqv/ggbiplot/tree/experimental},
   type = {Computer Program}
}

 @Book{ggplot2,
    author = {Hadley Wickham},
    title = {ggplot2: Elegant Graphics for Data Analysis},
    publisher = {Springer-Verlag New York},
    year = {2016},
    isbn = {978-3-319-24277-4},
    url = {https://ggplot2.tidyverse.org},
 }
  
@Manual{stringr,
    title = {stringr: Simple, Consistent Wrappers for Common String Operations},
    author = {Hadley Wickham},
    year = {2019},
    note = {R package version 1.4.0},
    url = {https://CRAN.R-project.org/package=stringr},
 }

@article{tidyverse,
  doi = {10.21105/joss.01686},
  url = {https://doi.org/10.21105/joss.01686},
  year = {2019},
  publisher = {The Open Journal},
  volume = {4},
  number = {43},
  pages = {1686},
  author = {Hadley Wickham and Mara Averick and Jennifer Bryan and Winston Chang and Lucy D'Agostino McGowan and Romain François and Garrett Grolemund and Alex Hayes and Lionel Henry and Jim Hester and Max Kuhn and Thomas Lin Pedersen and Evan Miller and Stephan Milton Bache and Kirill Müller and Jeroen Ooms and David Robinson and Dana Paige Seidel and Vitalie Spinu and Kohske Takahashi and Davis Vaughan and Claus Wilke and Kara Woo and Hiroaki Yutani},
  title = {Welcome to the Tidyverse},
  journal = {Journal of Open Source Software}
}

@Manual{readxl,
  title = {readxl: Read Excel Files},
  author = {Hadley Wickham and Jennifer Bryan},
  year = {2022},
  note = {https://readxl.tidyverse.org,
https://github.com/tidyverse/readxl},
}

@Manual{haven,
  title = {haven: Import and Export 'SPSS', 'Stata' and 'SAS' Files},
  author = {Hadley Wickham and Evan Miller},
  year = {2022},
  note = {https://haven.tidyverse.org, https://github.com/tidyverse/haven,
https://github.com/WizardMac/ReadStat},
}

@Manual{knitr,
  title = {knitr: A General-Purpose Package for Dynamic Report Generation in R.},
  author = {Yihui Xie},
  year = {2021}
}


